***********************************************
Chapter 1: Introduction
***********************************************
@book{gregg1998ones,
	title={Ones and zeros: understanding boolean algebra, digital circuits, and the logic of sets},
	author={Gregg, John},
	year={1998},
	publisher={Wiley-IEEE Press}
}

@book{holdsworth2002digital,
	title={Digital logic design},
	author={Holdsworth, Brian and Woods, Clive},
	year={2002},
	publisher={Elsevier}
}

@book{langholz1998foundations,
	title={Foundations of digital logic design},
	author={Langholz, Gideon and Kandel, Abraham and Mott, Joe L},
	year={1998},
	publisher={World Scientific Publishing Company}
}

@book{rafiquzzaman2005fundamentals,
	title={Fundamentals of digital logic and microcomputer design},
	author={Rafiquzzaman, Mohamed},
	year={2005},
	publisher={John Wiley \& Sons}
}

@book{mano2002digital,
	title={Digital design},
	author={Mano, M Morris},
	year={2002},
	publisher={EBSCO Publishing, Inc.}
}

@book{maxfield1998designus,
	title={Designus Maximus Unleashed!},
	author={Maxfield, Clive},
	year={1998},
	publisher={Newnes}
}

@article{maxfield2003bebop,
	title={Bebop to the Boolean Boogie: An Unconventional Guide to Electronics (with CD-ROM)},
	author={Maxfield, Clive},
	year={2003},
	publisher={Newnes}
}

@book{nisan2005elements,
	title={The elements of computing systems: building a modern computer from first principles},
	author={Nisan, Noam and Schocken, Shimon},
	year={2005},
	publisher={MIT press}
}

@book{petzold2000code,
	title={Code: The hidden language of computer hardware and software},
	author={Petzold, Charles},
	year={2000},
	publisher={Microsoft Press}
}

@book{predko2004digital,
	title={Digital electronics demystified},
	author={Predko, Myke},
	year={2004},
	publisher={McGraw-Hill, Inc.}
}

@book{saha2009digital,
	title={Digital principles and logic design},
	author={Saha, Arijit and Manna, Nilotpal},
	year={2009},
	publisher={Jones \& Bartlett Learning}
}

@book{tokheim1994digital,
	title={Digital electronics},
	author={Tokheim, Roger L},
	year={1994},
	publisher={Glencoe}
}

@book{yarbrough1997digital,
	title={Digital logic: Applications and design},
	author={Yarbrough, John M and Yarbrough, John M},
	year={1997},
	publisher={West Publishing Company St. Paul, MN}
}

***********************************************
Chapter 2: Math Foundations
***********************************************

***********************************************
Chapter 3: Math Operations
***********************************************

***********************************************
Chapter 4: Boolean Functions
***********************************************

***********************************************
Chapter 5: Boolean Expressions
***********************************************

***********************************************
Chapter 6: Kmaps
***********************************************


***********************************************
Chapter 7: Advanced Simplification
***********************************************

***********************************************
Chapter 8: Combinational Circuits
***********************************************

***********************************************
Chapter 9: Sequential Circuits
***********************************************

***********************************************
Chapter 10: Simulation
***********************************************

***********************************************
Unused
***********************************************




